<?xml version="1.0" encoding="UTF-8"?><collection xmlns="http://www.loc.gov/MARC21/slim"><record><leader>00421nam--2200157-i-4500</leader><controlfield tag="001">000012730</controlfield><controlfield tag="002">20161230</controlfield><controlfield tag="005">20170304160102</controlfield><controlfield tag="008">060222s1000------------r-----000-0-eng-d</controlfield><datafield ind1=" " ind2=" " tag="100"><subfield code="a">Dancea, Ioan</subfield></datafield><datafield ind1=" " ind2=" " tag="245"><subfield code="a">Microprocesoare. Arhitectura interna, programare, aplicatii</subfield></datafield><datafield ind1=" " ind2=" " tag="260"><subfield code="a">Cluj-Napoca</subfield><subfield code="b">Ed. Dacia</subfield><subfield code="c">1979</subfield></datafield><datafield ind1=" " ind2=" " tag="300"><subfield code="a">272 p</subfield></datafield><datafield ind1=" " ind2=" " tag="490"><subfield code="a">Colectia Informatica</subfield></datafield><datafield ind1=" " ind2=" " tag="852"><subfield code="a">681.3.01</subfield></datafield><datafield ind1=" " ind2=" " tag="CAT"><subfield code="a">SYS</subfield><subfield code="c">20170304</subfield><subfield code="h">160102</subfield></datafield></record></collection>